@Book{Langtangen2011,
  author =    {Hans Petter Langtangen},
  title =     {A Primer on Scientific Programming with Python},
  publisher = {Springer},
  year =      {2011}
}
@Book{Langtangen2010,
  author =    {Hans Petter Langtangen},
  title =     {Python Scripting for Computational Science},
  publisher = {Springer},
  year =      {2010}
}
